<?xml version="1.0" encoding="UTF-8"?><collection xmlns="http://www.loc.gov/MARC21/slim"><record><leader>00367nam--2200133-i-4500</leader><controlfield tag="001">000015168</controlfield><controlfield tag="002">20161230</controlfield><controlfield tag="005">20161230201031</controlfield><controlfield tag="008">060222s1000------------r-----000-0-eng-d</controlfield><datafield ind1=" " ind2=" " tag="080"><subfield code="a">621.391.822</subfield></datafield><datafield ind1=" " ind2=" " tag="100"><subfield code="a">Bell, D.A</subfield></datafield><datafield ind1=" " ind2=" " tag="245"><subfield code="a">Electrical noise.fundamentals and physical mec hanism</subfield></datafield><datafield ind1=" " ind2=" " tag="260"><subfield code="a">London, D.Van Nostrand Company, Ltd., 1960. Vii + 342 P</subfield></datafield><datafield ind1=" " ind2=" " tag="852"><subfield code="a">77368</subfield></datafield></record></collection>